,Unnamed: 0,Year,GNP,GNP_PriceIndexLevel,date,symbol,retainedEarnings,totalAssets,totalLiabilities,totalCurrentAssets,totalCurrentLiabilities,shortTermDebt,longTermDebt,workingCapital,Strike_Price,revenue,ebit,depreciationAndAmortization,interestExpense,interestIncome,netIncome,deferredIncomeTax,fundFromOperations,marketCapitalization,stockPrice,numberOfShares,Altman_A,Altman_B,Altman_C,Altman_D,Altman_E,Ohlson_A,Ohlson_B,Ohlson_C,Ohlson_D,Ohlson_E,Ohlson_F,Ohlson_G,netIncome_Lag1,netIncome_Lag2,netLoss_2Years,Ohlson_H,netIncome_Lag1_Sum,netIncome_Lag1_Diff,Ohlson_I
37,37,2022,26156.16425,2762.7858849103472,2022-09-24,AAPL,-3068000000,352755000000,302083000000,135405000000,153982000000,21110000000,98959000000,-18577000000,70589500000.0,394328000000,122034000000,11104000000,2931000000,2825000000,99803000000,895000000,111802000000,2439367314090,150.43,16215963000,-0.05266261286161784,-0.008697254468398747,0.3459454862439937,8.075155881297524,1.1178523337727317,127680904.23751637,0.8563535598361469,-0.05266261286161784,1.1371958199475647,0,0.2829244092925685,0.3701035808039512,94680000000.0,57411000000.0,152091000000.0,0,194483000000.0,5123000000.0,0.026341633973149325
57,57,2023,27820.7545,2938.6108416166567,2023-09-30,AAPL,-214000000,352583000000,290437000000,143566000000,145308000000,15807000000,95281000000,-1742000000,63447500000.0,383285000000,114301000000,11519000000,3933000000,3750000000,96995000000,0,108514000000,2695569789510,171.21,15744231000,-0.004940680634063469,-0.0006069492857001047,0.32418182385424144,9.281082608310925,1.087077369016657,119982882.73040907,0.8237407929480435,-0.004940680634063469,1.0121337921234832,0,0.27509834563776475,0.3736231953917717,99803000000.0,94680000000.0,194483000000.0,0,196798000000.0,-2808000000.0,-0.014268437687374872
77,77,2024,29243.108,3088.849161562702,2024-09-28,AAPL,-19154000000,364980000000,308030000000,152987000000,176392000000,20879000000,85750000000,-23405000000,63754000000.0,391035000000,123216000000,11445000000,0,0,93736000000,0,105181000000,3495160329570,227.79,15343783000,-0.06412680146857362,-0.0524795879226259,0.33759658063455533,11.34681793841509,1.0713874732862074,118160512.51118727,0.8439640528248123,-0.06412680146857362,1.1529868550922628,0,0.25682503150857583,0.3414634938155374,96995000000.0,99803000000.0,196798000000.0,0,190731000000.0,-3259000000.0,-0.017086892010213336
38,38,2022,26156.16425,2762.7858849103472,2022-12-31,TSLA,12885000000,82338000000,36440000000,40917000000,26709000000,1016000000,1029000000,14208000000,1530500000.0,81462000000,13910000000,3747000000,191000000,297000000,12556000000,0,16303000000,385553400000,123.18,3130000000,0.17255702105953508,0.15648910588063836,0.16893779299958706,10.58049945115258,0.9893609269110253,29802526.66328932,0.4425660084043819,0.17255702105953508,0.6527604663098467,0,0.1524933809419709,0.44739297475301865,5519000000.0,690000000.0,6209000000.0,0,18075000000.0,7037000000.0,0.3893222683264177
58,58,2023,27820.7545,2938.6108416166567,2023-12-31,TSLA,27882000000,106618000000,43009000000,49616000000,28748000000,1975000000,2682000000,20868000000,3316000000.0,96773000000,10129000000,4667000000,156000000,1066000000,14974000000,-6349000000,13292000000,788675520000,248.48,3174000000,0.1957268003526609,0.26151306533605956,0.0950027199909959,18.337453091213465,0.9076609953291189,36281769.089691654,0.4033934232493575,0.1957268003526609,0.5794098677845856,0,0.14044532818098257,0.3090515938524495,12556000000.0,5519000000.0,18075000000.0,0,27530000000.0,2418000000.0,0.08783145659280785
78,78,2024,29243.108,3088.849161562702,2024-12-31,TSLA,35209000000,122070000000,48390000000,58360000000,28821000000,2343000000,5535000000,29539000000,5110500000.0,97690000000,9340000000,5368000000,350000000,1569000000,7153000000,477000000,12998000000,1297537920000,403.84,3213000000,0.24198410747931515,0.288432866388138,0.07651347587449824,26.81417482951023,0.8002785287130335,39519573.023838654,0.3964118948144507,0.24198410747931515,0.49384852638793697,0,0.058597526009666584,0.2686092167803265,14974000000.0,12556000000.0,27530000000.0,0,22127000000.0,-7821000000.0,-0.3534595742757717
39,39,2022,26156.16425,2762.7858849103472,2022-12-31,AMZN,83193000000,462675000000,316632000000,146791000000,155393000000,0,67150000000,-8602000000,33575000000.0,513983000000,-3569000000,41921000000,2367000000,989000000,-2722000000,-8148000000,31051000000,855876000000,84.0,10189000000,-0.018591884151942507,0.17980872102447723,-0.007713838007240504,2.7030622299704388,1.1108942562273734,167466832.1302119,0.6843507861890096,-0.018591884151942507,1.0586003229080803,0,-0.0058831793375479545,0.09806652517749312,33364000000.0,21331000000.0,54695000000.0,0,36086000000.0,-36086000000.0,-1.0
59,59,2023,27820.7545,2938.6108416166567,2023-12-31,AMZN,113618000000,527854000000,325979000000,172351000000,164917000000,0,58314000000,7434000000,29157000000.0,574785000000,40739000000,48663000000,3182000000,2949000000,30425000000,-5876000000,73212000000,1565589760000,151.94,10304000000,0.014083439739018743,0.2152451245988474,0.07717853800482709,4.802731955125943,1.0889090543976174,179627051.16462606,0.6175552330758126,0.014083439739018743,0.9568670909945403,0,0.057639044129626754,0.22459115464493112,-2722000000.0,33364000000.0,30642000000.0,0,33147000000.0,33147000000.0,1.0
79,79,2024,29243.108,3088.849161562702,2024-12-31,AMZN,172866000000,624894000000,338924000000,190867000000,179431000000,0,52623000000,11436000000,26311500000.0,637959000000,71020000000,52795000000,2406000000,4677000000,59248000000,-4648000000,107395000000,2297671470000,219.39,10473000000,0.01830070379936437,0.27663251687486196,0.11365127525628346,6.779311792614274,1.020907545919788,202306414.8862016,0.5423703860174686,0.01830070379936437,0.9400839327908963,0,0.09481288026449286,0.31687044883218657,30425000000.0,-2722000000.0,27703000000.0,0,89673000000.0,28823000000.0,0.3214233938866771
60,60,2023,27820.7545,2938.6108416166567,2023-06-30,MSFT,118848000000,411976000000,205753000000,184257000000,104149000000,5247000000,41990000000,80108000000,26242000000.0,211915000000,91279000000,13861000000,1968000000,2994000000,72361000000,-6059000000,80163000000,2535660840000,340.54,7446000000,0.1944482202846768,0.28848282424218885,0.22156387750742762,12.323809810792552,0.5143867603938094,140194133.28419977,0.499429578422044,0.1944482202846768,0.5652376843213555,0,0.175643726819038,0.38960792795244786,72738000000.0,61271000000.0,134009000000.0,0,145099000000.0,-377000000.0,-0.002598226038773527
80,80,2024,29243.108,3088.849161562702,2024-06-30,MSFT,173144000000,512163000000,243686000000,159734000000,125286000000,8942000000,42688000000,34448000000,30286000000.0,245122000000,110722000000,22287000000,2935000000,3157000000,88136000000,-4738000000,105685000000,3393960630000,456.73,7431000000,0.06725983720026632,0.33806424907695404,0.21618508170250486,13.927597933406105,0.47860153896318164,165810298.0143219,0.47579774407756903,0.06725983720026632,0.7843414676900347,0,0.17208583985957596,0.43369335948720894,72361000000.0,72738000000.0,145099000000.0,0,160497000000.0,15775000000.0,0.0982884415285021
97,97,2025,30002.662,3169.0782444653,2025-06-30,MSFT,237731000000,619003000000,275524000000,191131000000,141218000000,11595000000,40152000000,49913000000,31671000000.0,281724000000,126012000000,34153000000,2385000000,2647000000,101832000000,-7056000000,128929000000,3697248530000,497.41,7433000000,0.08063450419464849,0.38405468147973437,0.2035725190346412,13.418970870051249,0.4551254194244616,195325880.98166087,0.44510931287893596,0.08063450419464849,0.7388545029325436,0,0.16450970350709124,0.4679410868018757,88136000000.0,72361000000.0,160497000000.0,0,189968000000.0,13696000000.0,0.07209635306999074
61,61,2023,27820.7545,2938.6108416166567,2023-01-29,NVDA,10171000000,41182000000,19081000000,23073000000,6563000000,1250000000,9703000000,16510000000,6101500000.0,26974000000,4443000000,1544000000,262000000,267000000,4368000000,-2164000000,3748000000,476509200000,19.16,24870000000,0.4009033072701666,0.24697683453936187,0.10788694089650819,24.972967873801164,0.6549949006847652,14014104.697627809,0.46333349521635664,0.4009033072701666,0.28444502232046115,0,0.10606575688407557,0.19642576384885488,9752000000.0,4332000000.0,14084000000.0,0,14120000000.0,-5384000000.0,-0.3813031161473088
81,81,2024,29243.108,3088.849161562702,2024-01-28,NVDA,29817000000,65728000000,22750000000,44345000000,10631000000,1250000000,8459000000,33714000000,5479500000.0,60922000000,34075000000,1508000000,257000000,866000000,29760000000,-2489000000,28779000000,1542384300000,62.47,24690000000,0.5129320837390458,0.4536422833495618,0.5184244157740994,67.79711208791208,0.9268804771178188,21279122.599417277,0.346123417721519,0.5129320837390458,0.23973390461156838,0,0.4527750730282376,1.265010989010989,4368000000.0,9752000000.0,14120000000.0,0,34128000000.0,25392000000.0,0.7440225035161744
98,98,2025,30002.662,3169.0782444653,2025-01-26,NVDA,68038000000,111601000000,32274000000,80126000000,18047000000,0,8463000000,62079000000,4231500000.0,130497000000,84273000000,1864000000,247000000,1786000000,72880000000,-4477000000,70267000000,2907803100000,118.42,24555000000,0.5562584564654438,0.6096540353581061,0.755127642225428,90.09738799033278,1.169317479234057,35215602.579364456,0.28919095707027714,0.5562584564654438,0.22523275840551132,0,0.6530407433625147,2.177201462477536,29760000000.0,4368000000.0,34128000000.0,0,102640000000.0,43120000000.0,0.4201091192517537
42,42,2022,26156.16425,2762.7858849103472,2022-12-31,GOOGL,195563000000,365264000000,109120000000,164795000000,69300000000,0,12857000000,95495000000,6428500000.0,282836000000,71685000000,13475000000,357000000,2174000000,59972000000,-8081000000,65366000000,1152548490000,88.23,13063000000,0.2614410399053835,0.535401791580884,0.19625531122694817,10.562211235337243,0.7743330851110429,132208580.47486834,0.29874282710587413,0.2614410399053835,0.42052246730786735,0,0.16418809409084936,0.5990285923753665,76033000000.0,40269000000.0,116302000000.0,0,136005000000.0,-16061000000.0,-0.11809124664534393
62,62,2023,27820.7545,2938.6108416166567,2023-12-31,GOOGL,211247000000,402392000000,119013000000,171530000000,81814000000,0,11870000000,89716000000,5935000000.0,307394000000,86025000000,11946000000,308000000,3865000000,73795000000,-7763000000,77978000000,1764284700000,139.69,12630000000,0.22295671882144774,0.5249781307779479,0.21378407125390167,14.824302387134178,0.7639167776695361,136932728.31547397,0.29576383228294795,0.22295671882144774,0.47696612837404534,0,0.18339082287918249,0.655205733827397,59972000000.0,76033000000.0,136005000000.0,0,133767000000.0,13823000000.0,0.10333639836432004
82,82,2024,29243.108,3088.849161562702,2024-12-31,GOOGL,245084000000,450256000000,125172000000,163711000000,89122000000,0,10883000000,74589000000,5441500000.0,350018000000,120083000000,15311000000,268000000,4482000000,100118000000,-5257000000,110172000000,2331986700000,189.3,12319000000,0.16565909171671228,0.5443214526846949,0.2666993887921538,18.630258364490462,0.7773755374720159,145768205.71329153,0.27800184783767456,0.16565909171671228,0.5443861438754879,0,0.22235794747876764,0.8801648931070847,73795000000.0,59972000000.0,133767000000.0,0,173913000000.0,26323000000.0,0.15135728783932195
43,43,2022,26156.16425,2762.7858849103472,2022-12-31,META,64799000000,185727000000,60014000000,59549000000,27026000000,0,9923000000,32523000000,4961500000.0,116609000000,29004000000,8686000000,185000000,461000000,23200000000,-3286000000,28600000000,323353580000,120.34,2687000000,0.17511185772666332,0.34889380650093954,0.15616469334022517,5.387969140533875,0.6278516316959839,67224536.29663989,0.3231301857026711,0.17511185772666332,0.4538447329090329,0,0.12491452508251358,0.47655547039024226,39370000000.0,29146000000.0,68516000000.0,0,62570000000.0,-16170000000.0,-0.25843055777529167
63,63,2023,27820.7545,2938.6108416166567,2023-12-31,META,82070000000,229623000000,76455000000,85365000000,31960000000,0,18385000000,53405000000,9192500000.0,134902000000,47874000000,11178000000,446000000,1639000000,39098000000,131000000,50407000000,911093040000,353.96,2574000000,0.2325768760098074,0.3574119317315774,0.20848956768267987,11.916722778104768,0.5874934131162819,78139982.58907752,0.33295880639134584,0.2325768760098074,0.37439231535172496,0,0.1702703997421861,0.6593028578902622,23200000000.0,39370000000.0,62570000000.0,0,62298000000.0,15898000000.0,0.25519278307489807
83,83,2024,29243.108,3088.849161562702,2024-12-31,META,102506000000,276054000000,93417000000,100045000000,33596000000,0,28826000000,66449000000,14413000000.0,164501000000,71378000000,15498000000,715000000,2517000000,62360000000,-4738000000,73120000000,1483682340000,585.51,2534000000,0.2407101509125026,0.3713259000050715,0.258565353155542,15.8823590995215,0.5959015265129286,89371149.43493696,0.33840118237736094,0.2407101509125026,0.33580888600129943,0,0.22589783158367566,0.7827269126604366,39098000000.0,23200000000.0,62298000000.0,0,101458000000.0,23262000000.0,0.22927713930887658
44,44,2022,26156.16425,2762.7858849103472,2022-12-31,NFLX,17181296000,48594768000,27817367000,9266473000,7930974000,0,14353076000,1335499000,7176538000.0,31615550000,5970141000,14362814000,706212000,337310000,4491924000,-166550000,18688188000,131132546240,294.88,444698000,0.027482361887189173,0.35356267160283594,0.1228556333471949,4.714053139536895,0.6505957596093472,17589045.99354318,0.5724354317320746,0.027482361887189173,0.855878390839751,0,0.09243637092783322,0.6718172859422676,5116228000.0,2761395000.0,7877623000.0,0,9608152000.0,-624304000.0,-0.06497649079656526
64,64,2023,27820.7545,2938.6108416166567,2023-12-31,NFLX,22589286000,48731992000,28143679000,9918133000,8860655000,399844000,14143417000,1057478000,7471552500.0,33723297000,6954003000,14554384000,748598000,0,5407990000,-459359000,19503015000,214992088480,486.88,441571000,0.021699872231777433,0.4635411989725353,0.142698927636695,7.6390897039438235,0.6920155654626226,16583343.159923287,0.5775195686644617,0.021699872231777433,0.8933793285490323,0,0.11097412147650357,0.6929802958596849,4491924000.0,5116228000.0,9608152000.0,0,9899914000.0,916066000.0,0.09253272301153323
84,84,2024,29243.108,3088.849161562702,2024-12-31,NFLX,31300917000,53630374000,28886807000,13100379000,10755400000,1784453000,13798351000,2344979000,8683628500.0,39000966000,10684390000,15630431000,718733000,266776000,8711631000,-590698000,23751364000,382838875080,891.32,429519000,0.043724830261299315,0.5836415945933922,0.1992227389650499,13.253069994201852,0.7272178635189082,17362574.601366248,0.5386277373340712,0.043724830261299315,0.8209991481925828,0,0.16243837866952038,0.8222218537341285,5407990000.0,4491924000.0,9899914000.0,0,14119621000.0,3303641000.0,0.23397518956068297
45,45,2022,26156.16425,2762.7858849103472,2022-12-31,JPM,296456000000,3665743000000,3373411000000,889122000000,3053636000000,246640000000,295865000000,-2164514000000,394572500000.0,153824000000,46166000000,7051000000,26097000000,92807000000,37676000000,-2738000000,41989000000,397713780000,134.1,2965800000,-0.5904707449485684,0.08087200875784255,0.012593899790574516,0.11789662747883374,0.04196257075305061,1326828481.3605647,0.9202530019153007,-0.5904707449485684,3.434439818157688,0,0.010277861814098807,0.01244704543857834,48334000000.0,29131000000.0,77465000000.0,0,86010000000.0,-10658000000.0,-0.12391582374142542
65,65,2023,27820.7545,2938.6108416166567,2023-12-31,JPM,332901000000,3875393000000,3547515000000,923999000000,3119470000000,261247000000,391825000000,-2195471000000,457159500000.0,236273000000,61612000000,7512000000,81321000000,170588000000,49552000000,-4534000000,52530000000,499855860000,170.1,2938600000,-0.5665157056329513,0.08590122343721011,0.015898258576614036,0.14090309977547663,0.06096749413543349,1318784013.5606315,0.9153949031749812,-0.5665157056329513,3.3760534372872697,0,0.012786316123293819,0.014807548382459271,37676000000.0,48334000000.0,86010000000.0,0,87228000000.0,11876000000.0,0.13614894299995414
85,85,2024,29243.108,3088.849161562702,2024-12-31,JPM,376166000000,4002814000000,3658056000000,967230000000,3226497000000,361310000000,389836000000,-2259267000000,556228000000.0,270789000000,75081000000,7938000000,101350000000,193933000000,58471000000,2004000000,68413000000,688902569000,239.71,2873900000,-0.5644196807545891,0.09397538831432088,0.018757054412221003,0.1883247738689621,0.06764965846526969,1295891702.9068868,0.9138710916869982,-0.5644196807545891,3.3358115443069383,0,0.014607473642292647,0.018702010029370792,49552000000.0,37676000000.0,87228000000.0,0,108023000000.0,8919000000.0,0.08256574988659822
46,46,2022,26156.16425,2762.7858849103472,2022-09-30,V,16116000000,85501000000,49920000000,30205000000,20853000000,2250000000,20200000000,9352000000,12350000000.0,29310000000,18674000000,861000000,538000000,0,14957000000,-336000000,15482000000,379460400000,177.65,2136000000,0.10937883767441317,0.18848902352019276,0.2184068022596227,7.601370192307693,0.3428030081519514,30947385.559983242,0.5838528204348488,0.10937883767441317,0.6903823870220163,0,0.1749336265072923,0.31013621794871793,12311000000.0,10866000000.0,23177000000.0,0,27268000000.0,2646000000.0,0.09703681971541733
66,66,2023,27820.7545,2938.6108416166567,2023-09-30,V,18040000000,90499000000,51766000000,33532000000,23098000000,0,20463000000,10434000000,10231500000.0,32653000000,21681000000,943000000,644000000,0,17273000000,-483000000,17733000000,479570850000,230.01,2085000000,0.11529409164742152,0.1993392192178919,0.23957170797467375,9.264205269868253,0.3608106166918971,30796524.2346321,0.5720063205118289,0.11529409164742152,0.6888345461052129,0,0.19086398744737512,0.3425607541629641,14957000000.0,12311000000.0,27268000000.0,0,32230000000.0,2316000000.0,0.07185851690971144
86,86,2024,29243.108,3088.849161562702,2024-09-30,V,17289000000,94511000000,55374000000,34033000000,26517000000,0,20836000000,7516000000,10418000000.0,35926000000,24557000000,1034000000,641000000,0,19743000000,-100000000,20677000000,557873550000,274.95,2029000000,0.07952513464041222,0.1829310873866534,0.25983218884574283,10.074647849171091,0.3801250648072711,30597479.856279306,0.5859000539619726,0.07952513464041222,0.7791555255193489,0,0.2088963189470009,0.3734062917614765,17273000000.0,14957000000.0,32230000000.0,0,37016000000.0,2470000000.0,0.06672790144802247
47,47,2022,26156.16425,2762.7858849103472,2022-12-31,BAC,207003000000,3051375000000,2778178000000,539385000000,2455840000000,222567000000,275982000000,-1916455000000,360558000000.0,115053000000,30969000000,1978000000,20103000000,72565000000,27528000000,739000000,30245000000,268725743999,33.12,8113700000,-0.6280627585924379,0.06783925279587072,0.010149195035025194,0.09672733136573683,0.03770529679242964,1104455838.0965586,0.9104675760927451,-0.6280627585924379,4.553037255392716,0,0.009021506697800172,0.010886631454140087,31978000000.0,17894000000.0,49872000000.0,0,59506000000.0,-4450000000.0,-0.07478237488656606
67,67,2023,27820.7545,2938.6108416166567,2023-12-31,BAC,224672000000,3180151000000,2888505000000,704765000000,2335342000000,315985000000,302204000000,-1630577000000,467087000000.0,171912000000,28342000000,2057000000,73331000000,130262000000,26515000000,-2011000000,26561000000,270322962000,33.67,8028600000,-0.5127357160084537,0.0706482176475268,0.008912155429097549,0.09358576910893351,0.05405781046245917,1082195353.9960608,0.9082917760823307,-0.5127357160084537,3.313646392769221,0,0.008337654406976272,0.009195414236776464,27528000000.0,31978000000.0,59506000000.0,0,54043000000.0,-1013000000.0,-0.018744333216142703
87,87,2024,29243.108,3088.849161562702,2024-12-31,BAC,242349000000,3261519000000,2965960000000,740837000000,2433159000000,375149000000,283279000000,-1692322000000,516788500000.0,192434000000,29254000000,2189000000,90547000000,146607000000,27132000000,-1734000000,27587000000,340102680000,43.95,7738400000,-0.5188754074405209,0.07430556130441061,0.008969440312933943,0.11466866714318467,0.059001342625935954,1055901026.3712395,0.9093799545549175,-0.5188754074405209,3.284337850296354,0,0.008318823223166873,0.009301204331818365,26515000000.0,27528000000.0,54043000000.0,0,53647000000.0,617000000.0,0.011501109102093314
48,48,2022,26156.16425,2762.7858849103472,2022-12-31,AMD,-131000000,67580000000,12830000000,15019000000,6369000000,93000000,2467000000,8650000000,1326500000.0,23601000000,1272000000,4262000000,88000000,65000000,1320000000,-1505000000,4077000000,101105970000,64.77,1561000000,0.12799644865344775,-0.0019384433264279372,0.01882213672684226,7.880434138737335,0.3492305415803492,24460817.021364283,0.18984906777153004,0.12799644865344775,0.42406285371862307,0,0.01953240603728914,0.31777084957131724,3162000000.0,2490000000.0,5652000000.0,0,4482000000.0,-1842000000.0,-0.4109772423025435
68,68,2023,27820.7545,2938.6108416166567,2023-12-30,AMD,723000000,67885000000,11993000000,16768000000,6689000000,857000000,1717000000,10079000000,1715500000.0,22680000000,598000000,3551000000,106000000,206000000,854000000,-1019000000,3386000000,237919740000,147.41,1614000000,0.14847168004713854,0.010650364587169477,0.008809015246372542,19.838217293421163,0.33409442439419607,23101051.36706483,0.17666642115342124,0.14847168004713854,0.39891459923664124,0,0.012580098696324666,0.28233135995997666,1320000000.0,3162000000.0,4482000000.0,0,2174000000.0,-466000000.0,-0.21435142594296228
88,88,2024,29243.108,3088.849161562702,2024-12-28,AMD,2364000000,69226000000,11658000000,19049000000,7281000000,109000000,1721000000,11768000000,969500000.0,25785000000,2081000000,3177000000,92000000,182000000,1641000000,-1163000000,3655000000,202807800000,125.19,1620000000,0.16999393291537862,0.034149019154652877,0.030060959755005345,17.39644879053011,0.3724756594343166,22411583.20757151,0.16840493456215871,0.16999393291537862,0.38222478870281906,0,0.02370496634212579,0.31351861382741464,854000000.0,1320000000.0,2174000000.0,0,2495000000.0,787000000.0,0.3154308617234469
49,49,2022,26156.16425,2762.7858849103472,2022-12-31,PYPL,18954000000,78624000000,58350000000,57424000000,45008000000,0,10417000000,12416000000,5208500000.0,27518000000,3670000000,1317000000,304000000,174000000,2419000000,-811000000,2925000000,82187880000,71.22,1154000000,0.15791615791615793,0.24107142857142858,0.04667785917785918,1.40853264781491,0.3499949124949125,28458231.392242458,0.7421398046398047,0.15791615791615793,0.7837837837837838,0,0.030766687016687017,0.05012853470437018,4169000000.0,4202000000.0,8371000000.0,0,6588000000.0,-1750000000.0,-0.26563448694596237
69,69,2023,27820.7545,2938.6108416166567,2023-12-31,PYPL,23200000000,82166000000,61115000000,62569000000,48466000000,0,9676000000,14103000000,4838000000.0,29771000000,5758000000,1072000000,347000000,480000000,4246000000,-668000000,4650000000,67735230000,61.41,1103000000,0.17164033785263977,0.2823552320911326,0.07007764768882506,1.1083241430090813,0.36232748338728915,27960830.619816586,0.7437991383297228,0.17164033785263977,0.7746008406718983,0,0.051675875666334005,0.0760860672502659,2419000000.0,4169000000.0,6588000000.0,0,6665000000.0,1827000000.0,0.2741185296324081
89,89,2024,29243.108,3088.849161562702,2024-12-31,PYPL,27347000000,81611000000,61194000000,61092000000,48376000000,0,9879000000,12716000000,4939500000.0,31797000000,5711000000,1032000000,382000000,662000000,4147000000,231000000,5410000000,87825150000,85.35,1029000000,0.1558123292203257,0.33508963252502727,0.06997831174719094,1.4351921757035004,0.3896165958020365,26421167.150393184,0.7498253911850118,0.1558123292203257,0.7918549073528449,0,0.05081422847410275,0.08840736019871229,4246000000.0,2419000000.0,6665000000.0,0,8393000000.0,-99000000.0,-0.011795543905635648
50,50,2022,26156.16425,2762.7858849103472,2022-10-01,DIS,43636000000,203631000000,95253000000,29098000000,29073000000,3721000000,45299000000,25000000,26370500000.0,82722000000,6834000000,5163000000,1549000000,152000000,3553000000,200000000,8916000000,171869260000,94.33,1822000000,0.00012277109084569637,0.2142895728057123,0.03356070539357956,1.8043448500309702,0.40623480707750786,73704951.6258868,0.4677725886530047,0.00012277109084569637,0.9991408344216097,0,0.01744822743099037,0.09360335107555667,2536000000.0,-2442000000.0,94000000.0,0,6089000000.0,1017000000.0,0.16702249958942356
70,70,2023,27820.7545,2938.6108416166567,2023-09-30,DIS,46093000000,205579000000,92567000000,32763000000,31139000000,5107000000,42101000000,1624000000,26157500000.0,88898000000,6742000000,5369000000,1458000000,424000000,3390000000,-1346000000,7413000000,148159400000,81.05,1828000000,0.00789963955462377,0.22421064408329644,0.03279517849585804,1.6005639158663454,0.4324274366545221,69957885.23222834,0.4502745903034843,0.00789963955462377,0.9504318896315966,0,0.016490011139270063,0.0800825348126222,3553000000.0,2536000000.0,6089000000.0,0,6943000000.0,-163000000.0,-0.023476883191703875
90,90,2024,29243.108,3088.849161562702,2024-09-28,DIS,49722000000,196219000000,90697000000,25241000000,34599000000,7619000000,38970000000,-9358000000,27104000000.0,91361000000,9639000000,4990000000,1447000000,406000000,5773000000,-821000000,9942000000,175218250000,96.01,1825000000,-0.04769160988487353,0.2534005371549136,0.04912368323149134,1.9319078911099596,0.46560730612224094,63524953.708237864,0.46222333209322236,-0.04769160988487353,1.3707460084782694,0,0.02942120793603066,0.10961773818318137,3390000000.0,3553000000.0,6943000000.0,0,9163000000.0,2383000000.0,0.26006766342900794
51,51,2022,26156.16425,2762.7858849103472,2022-12-31,T,-19415000000,402853000000,296396000000,33108000000,56173000000,7597000000,128423000000,-23065000000,71808500000.0,120741000000,3045000000,18021000000,6139000000,0,-6874000000,2975000000,14122000000,131926060000,18.41,7166000000,-0.05725413488294738,-0.04819375802091582,0.007558588368461945,0.4451006761224848,0.2997147843009733,145814050.3034576,0.7357423179174538,-0.05725413488294738,1.6966594176634047,0,-0.017063296040987656,0.04764571721615676,21479000000.0,21479000000.0,42958000000.0,0,28353000000.0,-28353000000.0,-1.0
71,71,2023,27820.7545,2938.6108416166567,2023-12-31,T,-5015000000,407060000000,287645000000,36458000000,51127000000,9477000000,127854000000,-14669000000,73404000000.0,122428000000,26540000000,18777000000,6692000000,0,14400000000,3037000000,36214000000,120497180000,16.78,7181000000,-0.036036456542033114,-0.012320051098118213,0.06519923352822679,0.41890935006692276,0.3007615584926055,138521233.99097607,0.7066402987274604,-0.036036456542033114,1.402353392945307,0,0.03537562030167543,0.12589824262545846,-6874000000.0,21479000000.0,14605000000.0,0,21274000000.0,21274000000.0,1.0
91,91,2024,29243.108,3088.849161562702,2024-12-31,T,1871000000,394795000000,274570000000,31168000000,46872000000,5089000000,118443000000,-15704000000,64310500000.0,122336000000,23443000000,20580000000,6745000000,0,12253000000,1570000000,34403000000,163921230000,22.77,7199000000,-0.03977760609936803,0.004739168429184767,0.05938018465279449,0.5970107076519648,0.3098722121607417,127812974.7845202,0.6954748667029724,-0.03977760609936803,1.5038501026694044,0,0.031036360642865284,0.1252977382816768,14400000000.0,-6874000000.0,7526000000.0,0,26653000000.0,-2147000000.0,-0.08055378381420478
52,52,2022,26156.16425,2762.7858849103472,2022-12-31,PFE,125656000000,197206000000,101289000000,51259000000,42138000000,2934000000,31925000000,9121000000,18896500000.0,100330000000,35967000000,5064000000,1238000000,251000000,31401000000,-3764000000,32701000000,287353920000,51.24,5608000000,0.04625112826181759,0.6371814245002687,0.1823828889587538,2.8369706483428607,0.5087573400403639,71379400.43674408,0.5136202752451751,0.04625112826181759,0.8220605162020328,0,0.15922943520988206,0.32284848305344116,22459000000.0,7021000000.0,29480000000.0,0,53860000000.0,8942000000.0,0.16602302265131824
72,72,2023,27820.7545,2938.6108416166567,2023-12-31,PFE,118353000000,226501000000,137213000000,43333000000,47794000000,10346000000,60499000000,-4461000000,40595500000.0,59553000000,3267000000,6290000000,2209000000,1624000000,2172000000,-3442000000,5020000000,162461970000,28.79,5643000000,-0.019695277283544,0.5225274943598484,0.01442377737846632,1.184012957955879,0.2629259914967263,77077575.83695295,0.6057942349040402,-0.019695277283544,1.1029469457457366,0,0.009589361636372466,0.03658545473096572,31401000000.0,22459000000.0,53860000000.0,0,33573000000.0,-29229000000.0,-0.8706103118577428
92,92,2024,29243.108,3088.849161562702,2024-12-31,PFE,116725000000,213396000000,124899000000,50358000000,42995000000,6946000000,56703000000,7363000000,35297500000.0,63627000000,11114000000,7013000000,3091000000,545000000,8051000000,-2102000000,12962000000,150265920000,26.53,5664000000,0.03450392697145214,0.5469877598455454,0.05208157603703912,1.2030994643672086,0.2981639768318057,69085924.51048638,0.5852921329359501,0.03450392697145214,0.8537868858969776,0,0.03772797990590264,0.10377985412213069,2172000000.0,31401000000.0,33573000000.0,0,10223000000.0,5879000000.0,0.575075809449281
53,53,2022,26156.16425,2762.7858849103472,2022-08-28,COST,15585000000,64166000000,43519000000,32696000000,31998000000,73000000,6484000000,698000000,3315000000.0,226954000000,7998000000,2277000000,158000000,61000000,5915000000,-37000000,8155000000,235605300059,531.06,443651000,0.010878035096468534,0.24288564037028956,0.12464545086182714,5.413849124727131,3.5369822024124926,23225107.798059493,0.6782252283140604,0.010878035096468534,0.9786518228529484,0,0.09218277592494467,0.18738941611709828,5079000000.0,4059000000.0,9138000000.0,0,10994000000.0,836000000.0,0.0760414771693651
73,73,2023,27820.7545,2938.6108416166567,2023-09-03,COST,19521000000,68994000000,43936000000,35879000000,33583000000,1081000000,5377000000,2296000000,3769500000.0,242290000000,8647000000,2489000000,160000000,470000000,6292000000,0,8781000000,241567539500,544.25,443854000,0.03327825608023886,0.2829376467518915,0.1253297388178682,5.498168688546977,3.5117546453314783,23478440.568892553,0.6368089978838739,0.03327825608023886,0.9360071350929513,0,0.09119633591326783,0.19985888565185725,5915000000.0,5079000000.0,10994000000.0,0,12207000000.0,377000000.0,0.0308839190628328
93,93,2024,29243.108,3088.849161562702,2024-09-01,COST,17619000000,69831000000,46209000000,34246000000,35464000000,103000000,5794000000,-1218000000,3000000000.0,254453000000,9909000000,2237000000,169000000,598000000,7367000000,0,9604000000,396139975320,892.38,443914000,-0.017442110237573572,0.25230914636765905,0.14189972934656528,8.57278831656171,3.6438401283097765,22607449.03602586,0.6617261674614426,-0.017442110237573572,1.0355661975121182,0,0.1054975583909725,0.20783829989828823,6292000000.0,5915000000.0,12207000000.0,0,13659000000.0,1075000000.0,0.07870268687312394
54,54,2022,26156.16425,2762.7858849103472,2022-12-31,INTC,70405000000,182103000000,78817000000,50407000000,32155000000,4323000000,37684000000,18252000000,23165000000.0,63054000000,8264000000,13035000000,496000000,589000000,8017000000,-5148000000,15904000000,108574440000,26.43,4108000000,0.10022899128515181,0.3866218568612269,0.045380910803226746,1.3775510359440222,0.3462545921813479,65912816.83991565,0.43281549452782214,0.10022899128515181,0.6379074334913801,0,0.04402453556503737,0.20178387911237422,19868000000.0,20899000000.0,40767000000.0,0,27885000000.0,-11851000000.0,-0.4249955173032096
74,74,2023,27820.7545,2938.6108416166567,2023-12-30,INTC,69156000000,191572000000,81607000000,43269000000,28053000000,2300000000,46978000000,15216000000,25789000000.0,54228000000,1640000000,9602000000,878000000,1335000000,1675000000,-2033000000,9244000000,210547500000,50.25,4190000000,0.0794270561459921,0.3609922118054831,0.00856075000521997,2.5800176455451127,0.2830685068799198,65191347.31518515,0.4259860522414549,0.0794270561459921,0.6483394578104417,0,0.008743448938258201,0.11327459654196331,8017000000.0,19868000000.0,27885000000.0,0,9692000000.0,-6342000000.0,-0.6543541064795708
94,94,2024,29243.108,3088.849161562702,2024-12-28,INTC,49032000000,196485000000,91453000000,47324000000,35666000000,3729000000,46282000000,11658000000,26870000000.0,53101000000,-10176000000,11379000000,824000000,1805000000,-19233000000,6132000000,-1722000000,86884000000,20.3,4280000000,0.05933277349415986,0.2495457668524315,-0.05179021299335827,0.9500399112112232,0.2702547268239306,63611069.92372358,0.46544519937908746,0.05933277349415986,0.75365565040994,0,-0.0978853347583785,-0.018829344034640743,1675000000.0,8017000000.0,9692000000.0,0,20908000000.0,-20908000000.0,-1.0
55,55,2022,26156.16425,2762.7858849103472,2022-12-31,KO,71019000000,92763000000,66937000000,22591000000,19724000000,3113000000,36377000000,2867000000,21301500000.0,43004000000,12568000000,1260000000,882000000,449000000,9571000000,-122000000,10709000000,275304080000,63.61,4328000000,0.03090671927384841,0.7655961967594839,0.13548505330789215,4.112883457579515,0.46359000894753294,33575891.822326355,0.7215915828509212,0.03090671927384841,0.8730910539595415,0,0.10317691320893028,0.15998625573300268,9804000000.0,7768000000.0,17572000000.0,0,19375000000.0,-233000000.0,-0.012025806451612903
75,75,2023,27820.7545,2938.6108416166567,2023-12-31,KO,73782000000,97703000000,70223000000,26732000000,23571000000,6878000000,35547000000,3161000000,24651500000.0,45754000000,14479000000,1128000000,1527000000,907000000,10714000000,-2000000,11840000000,254754390000,58.93,4323000000,0.03235315189912285,0.7551661668526043,0.14819401656039222,3.6277913219315607,0.4682967769669304,33248022.71070686,0.7187394450528642,0.03235315189912285,0.881752207092623,0,0.10965886410857395,0.16860572746820843,9571000000.0,9804000000.0,19375000000.0,0,20285000000.0,1143000000.0,0.056347054473749075
95,95,2024,29243.108,3088.849161562702,2024-12-31,KO,76054000000,100549000000,74177000000,25997000000,25249000000,2437000000,42375000000,748000000,23624500000.0,47061000000,14742000000,1075000000,1656000000,988000000,10631000000,-11000000,11695000000,268278340000,62.26,4309000000,0.007439159016996688,0.7563874329928691,0.14661508319326896,3.6167321406905106,0.46804045788620474,32552253.198770806,0.73771991765209,0.007439159016996688,0.9712274493210755,0,0.1057295447990532,0.1576634266686439,10714000000.0,9571000000.0,20285000000.0,0,21345000000.0,-83000000.0,-0.0038884984773951744
76,76,2023,27820.7545,2938.6108416166567,2023-01-28,TGT,5005000000,53335000000,42103000000,17846000000,19500000000,130000000,16009000000,-1654000000,8134500000.0,109120000000,3900000000,2700000000,478000000,0,2780000000,582000000,6062000000,77868471000,168.51,462100000,-0.0310115308896597,0.09384081747445393,0.0731227149151589,1.8494755955632616,2.0459360644979845,18149732.262832772,0.7894065810443424,-0.0310115308896597,1.0926818334640815,0,0.05212337114465173,0.1439802389378429,6946000000.0,4368000000.0,11314000000.0,0,9726000000.0,-4166000000.0,-0.42833641784906434
96,96,2024,29243.108,3088.849161562702,2024-02-03,TGT,7093000000,55356000000,41924000000,17498000000,19304000000,1116000000,14922000000,-1806000000,8577000000.0,107412000000,5823000000,2801000000,502000000,0,4138000000,298000000,7237000000,67143635000,145.49,461500000,-0.032625189681335355,0.1281342582556543,0.10519184912204639,1.6015560299589733,1.9403858660307827,17921237.685816437,0.7573524098562034,-0.032625189681335355,1.1032117956337868,0,0.07475251101958234,0.17262188722450147,2780000000.0,6946000000.0,9726000000.0,0,6918000000.0,1358000000.0,0.19629950852847644
99,99,2025,30002.662,3169.0782444653,2025-02-01,TGT,8090000000,57769000000,43103000000,19454000000,20799000000,1636000000,14304000000,-1345000000,8788000000.0,106566000000,5695000000,2981000000,411000000,0,4091000000,-180000000,6892000000,63493764000,137.91,460400000,-0.023282383285152936,0.14004050615381952,0.09858228461631671,1.4730706447347053,1.8446917897142066,18228959.82479821,0.746126815420035,-0.023282383285152936,1.069137452451938,0,0.07081652789558414,0.15989606291905437,4138000000.0,2780000000.0,6918000000.0,0,8229000000.0,-47000000.0,-0.0057115080811763275
